<record><leader>00000cas a2200000 a 4500</leader><controlfield tag="001">11377754</controlfield><controlfield tag="008">841113d18881889ksuwr ne      0   a0eng d</controlfield><datafield ind1=" " ind2=" " tag="010"><subfield code="a">sn 84030015 </subfield></datafield><datafield ind1=" " ind2=" " tag="040"><subfield code="a">KSH</subfield><subfield code="b">eng</subfield><subfield code="c">KSH</subfield><subfield code="d">NPT</subfield><subfield code="d">OCL</subfield><subfield code="d">OCLCQ</subfield></datafield><datafield ind1=" " ind2=" " tag="042"><subfield code="a">msc</subfield></datafield><datafield ind1="0" ind2="0" tag="245"><subfield code="a">Hill City sun.</subfield></datafield><datafield ind1=" " ind2=" " tag="260"><subfield code="a">Hill City, Kan. :</subfield><subfield code="b">Thos. H. McGill,</subfield><subfield code="c">1888-1889.</subfield></datafield><datafield ind1=" " ind2=" " tag="300"><subfield code="a">1 v. ;</subfield><subfield code="c">49-60 cm.</subfield></datafield><datafield ind1=" " ind2=" " tag="310"><subfield code="a">Weekly</subfield></datafield><datafield ind1="0" ind2=" " tag="362"><subfield code="a">Vol. 1, no. 1 (Sept. 20, 1888)-v. 1, no. 31 (Apr. 16, 1889).</subfield></datafield><datafield ind1=" " ind2=" " tag="500"><subfield code="a">"Union labor."</subfield></datafield><datafield ind1=" " ind2=" " tag="525"><subfield code="a">Some issues have supplements.</subfield></datafield><datafield ind1=" " ind2=" " tag="752"><subfield code="a">United States</subfield><subfield code="b">Kansas</subfield><subfield code="c">Graham</subfield><subfield code="d">Hill City.</subfield></datafield><datafield ind1="0" ind2="4" tag="785"><subfield code="t">Hill City reveille</subfield><subfield code="w">(DLC)sn 84030016</subfield></datafield></record>